@article{krhyp,
    author = {Hector J. Levesque and Ronald J. Brachman},
    title = {Expressiveness and Tractability in Knowledge Representation and Reasoning},
    journal = {Comput. Intell.},
    year = {1987},
    volume = {1},
    pages = {78--93},
    number = {3}
}

@phdthesis{smithyp,
    author = {Brian Cantwell Smith},
    title = {Reflection and Semantics in a Procedural Language},
    school = {MIT, Cambrige},
    year = {1982}
}

@phdthesis{shrdlu,
    author = {Terry Winograd},
    title = {Procedures as a Representation for Data in a Computer Program for Understanding Natural Language},
    school = {MIT, Cambrige},
    year = {1971}
}

@article{confusion,
    author = {Harold Morowitz},
    title = {The Plural of 'Ontology' is 'Confusion'},
    journal = {Wiley Periodicals},
    year = {2012},
    volume = {17},
    number = {6}
}

@article{ontowhy,
    author = {B. Chandrasekaran and John R. Josephson},
    title = {What Are Ontologies, and Why Do We Need Them?},
    journal = {IEEE Intelligent Systems},
    year = {1999}
}

@mastersthesis{tanfamily,
    author = {Tan Mee Ting},
    title = {Building a Family Ontology To Meet Consistency Criteria},
    school = {University of Tun Hussien},
    year = {2015}
}

@phdthesis{perry,
    author = {Matthew S. Perry},
    title = {A Framework to Support Spatial, Temporal and Thematic Analysis over Semantic Web Data},
    school = {University of Georgia},
    year = {2008}
}

@article{toql,
    author = {Evdoxios Baratis Euripides G.M. Petrakis Sotiris Batsakis Nikolaos Maris and Nikolaos Papadakis},
    title = {TOQL: Temporal Ontology Query Language}
}

@article{xcpath,
    author = {Maarten Marx},
    title = {XCPath the first order complete XPath dialect}
}

@article{ling,
    author = {Catherine Lai and Steven Bird},
    title = {Querying Linguistic Trees},
    year = {2009}
}

@article{web,
    author = {James Bailey Francois Bry Tim Furche and Sebastian Schaffert},
    title = {Web and Semantic Web Query Languages A Survey}
}

@article{frames,
    author = {Marvin Minsky},
    title = {A Framework for Representing Knowledge},
    year = {1974}
}

@article{artale,
    author = {Alessandro Artale  Roman Kontchakov  Alisa Kovtunova  Vladislav Ryzhikov  Frank Wolter  and Michael Zakharyaschev },
    title = {Ontology-Mediated Query Answering over Temporal Data: A Survey},
    journal = {24th International Symposium on Temporal Representation and Reasoning},
    year = {2017},
    volume = {1},
    pages = {1--37},
    number = {1}
}

@article{allen,
    author = {James F. Allen},
    title = {Maintaining Knowledge About Temporal Intervals},
    journal = {Communications of the ACM},
    year = {1983},
    volume = {26},
    number = {11}
}

@article{shoh,
    author = {Yoav Shohan},
    title = {Temporal Logic in AI: Semantical and Ontological Considerations},
    journal = {Artificial Intelligence},
    year = {1987},
    volume = {33},
    pages = {89--104},
    number = {1}
}

@article{schmiedel,
    author = {Albrecht Schmiedel},
    title = {A Temporal Terminological Logic},
    journal = {AAAI-90 Proceedings},
    year = {1990},
    volume = {1},
    pages = {640--645},
    number = {1}
}

@article{klone,
    author = {Ronald J. Brachman and James G. Schmolze},
    title = {An Overview of KL-ONE Knowledge Representation System},
    journal = {Cognitive Science},
    year = {1985},
    volume = {9},
    pages = {171--216},
    number = {1}
}

@article{barcelo,
    author = {Pablo Barcelo Leonid Libkin},
    title = {Temporal Logic over Unranked Trees},
    year = {2008}
}

@article{clif,
    author = {Alexander Tuzhilin and James Clifford},
    title = {A Temporal Relational Algebra as a Basis for Temporal Relational Completeness},
    journal = {Proceedings of the 16th VLDB Conference},
    year = {1990}
}

@article{fr2sql,
    author = {Benoit Couderc and Jeremy Ferrero},
    title = {FR2SQL : database query in French},
    journal = {22eme Traitement Automatique des Langues Naturelles},
    year = {2015}
}

@article{not,
    author = {F.Siasar Djahantighi M.Norouzifard S.H.Davarpanah M.H.Shenassa},
    title = {Using Natural Language Processing in Order to Create SQL Queries},
    journal = {Proceedings of the International Conference on Computer and Communication Engineering},
    year = {2008}
}

@article{nelken,
    author = {Rani Nelken and Nissim Francez},
    title = {Querying Natural Language Databases Using Controlled Natural Language},
    year = {2001}
}

@article{chaudhari,
    author = {Pranali P. Chaudhari},
    title = {Natural Language Statement to SQL Query Translator},
    journal = {International Journal of Computer Applications},
    year = {2013},
    volume = {82},
    number = {5}
}

@article{bartlema,
    author = {J. Bartlema and L. Winkelbauer},
    title = {Modelling Kinship with LISP; a two-sex model of kin-counts},
    journal = {IIASA Working Papers},
    year = {1961},
    volume = {WP-96-069},
    pages = {48},
    number = {1}
}

@book{adams,
    author = {R. Adams},
    title = {The Nature of the Family},
    publisher = {Penguin},
    year = {1971},
}

@article{findler,
    author = {Nicholas V. Findler},
    title = {Automatic Rule Discovery for Field Work in Antropology},
    journal = {Computers and the Humanities},
    year = {1992},
    volume = {26},
    pages = {285-292},
    number = {1}
}

@book{strauss,
    author = {Levi-Strauss},
    title = {The Elementary Structures of Kinship},
    publisher = {London: Eyre and Spottiswoode},
    year = {1969},
}

@article{read,
    author = {D. W. Read},
    title = {An Algebraic account of the American Kinship Terminology},
    journal = {Current Antropology},
    year = {1984},
    volume = {25},
    pages = {417--429},
    number = {49}
}

@article{vlad,
    author = {Vladimir Periclev and Raul E. Valdes-Perez},
    title = {Automatic Componental Analysis of Kinship Semantics with a Proposed Structural Solution to the Problem of Multiple Models},
    journal = {Anthropological Linguistics},
    year = {1998},
    volume = {40},
    pages = {272-317},
    number = {2}
}

@book{morgan,
    author = {Lewis Henry Morgan},
    title = {Systems of consanguity and affinity of the human family},
    publisher = {Smithsonian Institution},
    year = {1870},
    memo = {17, series, address, edition, month, note},
}

@book{cormen,
    author= {Thomas H. Cormen Charles E. Leiserson Ronald L. Rivest Clifford Stein},
    title = {Introduction to Algorithms},
    publisher = {The MIT Press},
    year = {2009},
    edition = {3}
}

@article{chomsky,
    author = {Noam Chomsky},
    title = {Three models for the description of language},
    journal = { IRE Transactions on Information Theory},
    year = {1956},
    volume = {2},
    pages = {113-124},
    number = {1}
}

@online{gensoft,
    author = {Louis Kessler},
    title = {Genealogy Software Reviews},
    url = {http://www.gensoftreviews.com/},
    note = {2018/May},
}

@online{fambuild,
    author = {My Heritage, Inc.},
    title = {Family Tree Builder},
    url = {https://www.myheritage.com/family-tree-builder},
    note = {2018/May},
}

@online{neo4j,
    author = {Neo4j, Inc.},
    title = {Neo4j Graph Platform},
    url = {https://neo4j.com},
    note = {2018/May},
}

@online{rank,
    author = {Solid IT},
    title = {DB-Engines Ranking of Graph DBMS},
    url = {https://db-engines.com/en/ranking/graph+dbms},
    note = {2018/May},
}

@online{roots,
    author = {RootsMagic Inc.},
    title = {RootsMagic Genealogy Software},
    url = {http://www.rootsmagic.com},
    note = {2018/May},
}
